@article{complexity,
    author =       "T. Yato",
    title =        "COMPLEXITY AND COMPLETENESS OF FINDING ANOTHER SOLUTION AND ITS APPLICATION TO PUZZLES",
    pages =        "22--31",
    year =         "2003"
}

@article{ant_colony_1,
    author =       "D. Mullaney",
    title =        "Using Ant Systems to Solve Sudoku Problems",
    year =         "2006"
}


@article{ant_colony,
    author =       "Krzysztof Schiff",
    title =        "An Ant Algorithm for the Sudoku Problem",
    journal =      "Journal of Automation, Mobile Robotics \& Intelligent Systems",
    volume =       "9",
    number =       "2",
    pages =        "24--27",
    year =         "2015"
}

@article{harmony,
    author =       "Zong Woo Geem",
    title =        "Harmony Search Algorithm for Solving Sudoku",
    journal =      "11th International Conference, KES 2007, XVII Italian Workshop on Neural Networks, Vietri sul Mare, Italy, September 12-14, 2007. Proceedings, Part I",
    volume =       "1",
    pages =        "371--378",
    year =         "2007",
    DOI = 		   "http://dx.doi.org/10.1007/978-3-540-74819-9_46"
}

@article{genetic,
    author =       "Mantere T.",
    title =        "Solving, rating and generating Sudoku puzzles with GA",
    journal =      "Evolutionary Computation, 2007. CEC 2007. IEEE Congress on",
    volume =       "1",
    pages =        "1382-1389",
    year =         "2007",
    DOI = 		   "http://dx.doi.org/10.1109/CEC.2007.4424632"
}